% This file was created with JabRef 2.10.
% Encoding: UTF8


@Article{e,
  Author                   = {Grishin S.V., Sharaevskii Y.P., Nikitov S.A., Beginin E.N.},
  Journal                  = {IEEE Transactions on Magnetics.},
  Year                     = {2011},
  Number                   = {10},
  Volume                   = {47},

  Owner                    = {marco_000},
  Timestamp                = {2015.06.24}
}

@Article{j,
  Title                    = {Magnetostatic wave technology: A review},
  Author                   = {W. S. Ishak},
  Journal                  = {Proc. IEEE},
  Year                     = {1988},
  Pages                    = {171-187},
  Volume                   = {76},

  Owner                    = {marco_000},
  Timestamp                = {2015.06.24}
}

@Article{b,
  Author                   = {Nikitov S.A., Tailhades Ph., Tsai C.S},
  Journal                  = {J. Magnet. Magn. Mater.},
  Year                     = {2001},
  Pages                    = {320-330},
  Volume                   = {236},

  Owner                    = {marco_000},
  Timestamp                = {2015.06.24}
}

@Article{a,
  Author                   = {Serga A.A., Chumak A. V., Hillebrands B},
  Journal                  = {J. Phys. D: Appl.Phys.},
  Year                     = {2010},
  Number                   = {26},
  Pages                    = {264},
  Volume                   = {43},

  Owner                    = {marco_000},
  Timestamp                = {2015.06.24}
}

@Article{h,
  Author                   = {Sun N.X., Srinivasan G.},
  Journal                  = {Spin.},
  Year                     = {2012},
  Number                   = {3},
  Pages                    = {1-46},
  Volume                   = {2},

  Owner                    = {marco_000},
  Timestamp                = {2015.06.24}
}

@Article{f,
  Author                   = {Ustinov A.B., Drozdovskii A.V., Kalinikos B.A.},
  Journal                  = {APL},
  Year                     = {2010},
  Pages                    = {142},
  Volume                   = {96},

  Owner                    = {marco_000},
  Timestamp                = {2015.06.24}
}

@Article{i,
  Author                   = {Vladislav E. Demidov, Boris A. Kalinikos, Sergey F. Karmanenko, Alexandr A. Semenov, and Peter Edenhofer},
  Journal                  = {IEEE TRANSACTIONS ON MICROWAVE THEORY AND TECHNIQUES},
  Year                     = {2003},
  Number                   = {10},
  Volume                   = {51},

  Owner                    = {marco_000},
  Timestamp                = {2015.06.24}
}

@Article{d,
  Author                   = {Гришин С. В., Бегинин Е.Н., Дулин Ю.В., Никитов С.А.},
  Journal                  = {Письма в ЖТФ},
  Year                     = {2012},
  Number                   = {13},
  Pages                    = {87-95},
  Volume                   = {38},

  Owner                    = {marco_000},
  Timestamp                = {2015.06.24}
}

@Article{c,
  Author                   = {Дроздовский А.В., Черкасский М.А., Устинов А.Б., Ковшиков Н.Г., Калиникос Б.А.},
  Journal                  = {Письма в ЖЭТФ},
  Year                     = {2010},
  Pages                    = {17-22},
  Volume                   = {91},

  Owner                    = {marco_000},
  Timestamp                = {2015.06.24}
}

@Article{g,
  Author                   = {Никитов С.А., Филимонов Ю.А., Высоцкий С.Л.},
  Journal                  = {Гетеромагнитная микроэлектроника},
  Year                     = {2008},
  Pages                    = {78-86},
  Volume                   = {5},

  Owner                    = {marco_000},
  Timestamp                = {2015.06.24}
}

@Book{k,
  Title                    = {МКЭ для радиофизиков},
  Author                   = {Сильвестер, Феррари},
  Publisher                = {Мир},
  Year                     = {1986},

  Owner                    = {marco_000},
  Timestamp                = {2015.06.24}
}

